<?xml version="1.0" encoding="UTF-8"?><record xmlns="http://www.loc.gov/MARC21/slim" xmlns:cinclude="http://apache.org/cocoon/include/1.0" xmlns:zs="http://www.loc.gov/zing/srw/">
  <leader>00538cz  a2200169n  4500</leader>
  <controlfield tag="001">no2001005143</controlfield>
  <controlfield tag="003">DLC</controlfield>
  <controlfield tag="005">20130320084715.0</controlfield>
  <controlfield tag="008">010122n| azannaabn          |a aaa     c</controlfield>
  <datafield tag="010" ind1=" " ind2=" ">
    <subfield code="a">no2001005143</subfield>
  </datafield>
  <datafield tag="035" ind1=" " ind2=" ">
    <subfield code="a">(OCoLC)oca05397885</subfield>
  </datafield>
  <datafield tag="040" ind1=" " ind2=" ">
    <subfield code="a">MBU-T</subfield>
    <subfield code="b">eng</subfield>
    <subfield code="e">rda</subfield>
    <subfield code="c">MBU-T</subfield>
    <subfield code="d">DLC</subfield>
  </datafield>
  <datafield tag="046" ind1=" " ind2=" ">
    <subfield code="f">1878</subfield>
  </datafield>
  <datafield tag="100" ind1="1" ind2=" ">
    <subfield code="a">Moulard, Anatole,</subfield>
    <subfield code="d">1878-</subfield>
  </datafield>
  <datafield tag="400" ind1="1" ind2=" ">
    <subfield code="w">nnea</subfield>
    <subfield code="a">Moulard, Anatole,</subfield>
    <subfield code="d">b. 1878</subfield>
  </datafield>
  <datafield tag="670" ind1=" " ind2=" ">
    <subfield code="a">Apologe휍혖tique Chre휍혖tienne, 1913:</subfield>
    <subfield code="b">t.p. (Anatole Moulard)</subfield>
  </datafield>
  <datafield tag="670" ind1=" " ind2=" ">
    <subfield code="a">OCLC, Jan. 22, 2001:</subfield>
    <subfield code="b">(hdg.: Moulard, Anatole, 1878- ; usage: Anatole Moulard)</subfield>
  </datafield>
</record>